@Article{Jacobson1999Towards,author = {Van Jacobson},title = {Towards the Analysis of Massive Multiplayer OnlineRole-Playing Games},journal = {Journal of Ubiquitous Information},Month = jun,Year = 1999,Volume = 6,Pages = {75--83}}
@InProceedings{Golledge2021Methodology,author = {Nicholas Golledge and Liz Keller andStefan Jendersie},title = {A Methodology for the Study ofclimate models},booktitle = {Proceedings of Climate},Month = jun,Year = 2021}